<?xml version="1.0" encoding="UTF-8"?><collection xmlns="http://www.loc.gov/MARC21/slim"><record><leader>00711nam--2200193-i-4500</leader><controlfield tag="001">000012347</controlfield><controlfield tag="002">20161230</controlfield><controlfield tag="005">20161230201029</controlfield><controlfield tag="008">060222s1000------------r-----000-0-eng-d</controlfield><datafield ind1=" " ind2=" " tag="020"><subfield code="a">3540056874</subfield></datafield><datafield ind1=" " ind2=" " tag="040"><subfield code="a">IFIN-HH</subfield></datafield><datafield ind1=" " ind2=" " tag="080"><subfield code="a">539.19:539.143.43</subfield></datafield><datafield ind1="1" ind2=" " tag="100"><subfield code="a">Diehl, P</subfield></datafield><datafield ind1="1" ind2="0" tag="245"><subfield code="a">Nmr. basic principles and progress. grundlagen und fortschritte</subfield><subfield code="b">Volume 7 nmr of molecules oriented in electric fields; nuclear magnetic resonance and relaxation of molecules adsorbed on solids</subfield><subfield code="c">P. diehl, e. fluck, r. kosfeld (eds.) c.w. hilbers, c. maclean, h. pfeifer</subfield></datafield><datafield ind1=" " ind2=" " tag="260"><subfield code="a">Berlin</subfield><subfield code="b">Springer-verlag</subfield><subfield code="c">1972</subfield></datafield><datafield ind1=" " ind2=" " tag="300"><subfield code="a">153P</subfield></datafield><datafield ind1="1" ind2=" " tag="700"><subfield code="a">Pfeifer, H</subfield></datafield><datafield ind1=" " ind2=" " tag="852"><subfield code="a">33194</subfield><subfield code="c">539.143.43</subfield></datafield><datafield ind1=" " ind2=" " tag="CAT"><subfield code="a">Sys</subfield><subfield code="c">20120507</subfield><subfield code="h">111509</subfield></datafield></record></collection>